# ----- LieGroups.jl Library -----
#
#
# A


#
#
# B

@book{BinzPods:2008,
    AUTHOR = {Biny, E and Pods, S},
    PUBLISHER = {American Mathematical Society},
    TITLE = {The Geometry of Heisenberg Groups: With Applications in Signal Theory, Optics, Quantization, and Field Quantization},
    YEAR = {2008}
}

#
#
# G
@inproceedings{Giles:2008,
    ADDRESS   = {Berlin, Heidelberg},
    SERIES    = {Lecture {Notes} in {Computational} {Science} and {Engineering}},
    TITLE     = {Collected {Matrix} {Derivative} {Results} for {Forward} and {Reverse} {Mode} {Algorithmic} {Differentiation}},
    ISBN      = {978-3-540-68942-3},
    DOI       = {10.1007/978-3-540-68942-3_4},
    BOOKTITLE = {Advances in {Automatic} {Differentiation}},
    PUBLISHER = {Springer},
    AUTHOR    = {Giles, Mike B.},
    EDITOR    = {Bischof, Christian H. and BÃ¼cker, H. Martin and Hovland, Paul and Naumann, Uwe and Utke, Jean},
    YEAR      = {2008},
    PAGES     = {35--44}
}

#
#
# H
@book{HilgertNeeb:2012,
    AUTHOR    = {Hilgert, Joachim and Neeb, Karl-Hermann},
    DOI       = {10.1007/978-0-387-84794-8},
    PUBLISHER = {Springer Monographs in Mathematics},
    ISBN      = {9780387847948},
    TITLE     = {Structure and Geometry of Lie Groups},
    YEAR      = {2012}
}
