# ----- LieGroups.jl Library -----
#
#
# A
@article{AndricaRohan:2013,
    AUTHOR  = {Andrica, D. and Rohan, R.-A.},
    ISSUE   = {2},
    JOURNAL = {Balkan Journal of Geometry and Its Applications},
    PAGES   = {1–10},
    TITLE   = {Computing the Rodrigues coefficients of the exponential map of the Lie groups of matrices},
    URL     = {https://www.emis.de/journals/BJGA/v18n2/B18-2-an.pdf},
    VOLUME  = {18},
    YEAR    = {2013}
}


#
#
# B

@book{BinzPods:2008,
    AUTHOR = {Biny, E and Pods, S},
    PUBLISHER = {American Mathematical Society},
    TITLE = {The Geometry of Heisenberg Groups: With Applications in Signal Theory, Optics, Quantization, and Field Quantization},
    YEAR = {2008}
}

#
#
# G
#
# G
# ----------------------------------------------------------------------------------------
@article{GallierXu:2002,
    AUTHOR  = {Gallier, J and Xu, D},
    ISSUE   = {4},
    JOURNAL = {International Journal of Robotics and Automation},
    PAGES   = {1–11},
    TITLE   = {Computing exponentials of skew-symmetric matrices and logarithms of orthogonal matrices},
    VOLUME  = {17},
    URL     = {http://mainline.brynmawr.edu/~dxu/206-2550-2.pdf},
    YEAR    = {2002}
}
@inproceedings{Giles:2008,
    ADDRESS   = {Berlin, Heidelberg},
    SERIES    = {Lecture {Notes} in {Computational} {Science} and {Engineering}},
    TITLE     = {Collected {Matrix} {Derivative} {Results} for {Forward} and {Reverse} {Mode} {Algorithmic} {Differentiation}},
    ISBN      = {978-3-540-68942-3},
    DOI       = {10.1007/978-3-540-68942-3_4},
    BOOKTITLE = {Advances in {Automatic} {Differentiation}},
    PUBLISHER = {Springer},
    AUTHOR    = {Giles, Mike B.},
    EDITOR    = {Bischof, Christian H. and Bücker, H. Martin and Hovland, Paul and Naumann, Uwe and Utke, Jean},
    YEAR      = {2008},
    PAGES     = {35--44}
}

#
#
# H
@book{HilgertNeeb:2012,
    AUTHOR    = {Hilgert, Joachim and Neeb, Karl-Hermann},
    DOI       = {10.1007/978-0-387-84794-8},
    PUBLISHER = {Springer Monographs in Mathematics},
    ISBN      = {9780387847948},
    TITLE     = {Structure and Geometry of Lie Groups},
    YEAR      = {2012}
}

#
#
# S
@misc{SolaDerayAtchuthan:2021,
    TITLE         = {A micro {Lie} theory for state estimation in robotics},
    URL           = {http://arxiv.org/abs/1812.01537},
    AUTHOR        = {Solà, Joan and Deray, Jeremie and Atchuthan, Dinesh},
    MONTH         = dec,
    YEAR          = {2021},
    NOTE          = {arXiv: 1812.01537},
    EPRINT        = {1812.01537},
    ARCHIVEPREFIX = {arXiv},
    PRIMARYCLASS  = {cs.RO}
}