
@article{AxenBaranBergmannRzecki:2023,
    AUTHOR    = {Axen, Seth D. and Baran, Mateusz and Bergmann, Ronny and Rzecki, Krzysztof},
    ARTICLENO = {33},
    DOI       = {10.1145/3618296},
    JOURNAL   = {ACM Transactions on Mathematical Software},
    MONTH     = {dec},
    NUMBER    = {4},
    TITLE     = {Manifolds.Jl: An Extensible Julia Framework for Data Analysis on Manifolds},
    VOLUME    = {49},
    YEAR      = {2023}
}

@article{Bergmann:2022,
    Author    = {Ronny Bergmann},
    Doi       = {10.21105/joss.03866},
    Journal   = {Journal of Open Source Software},
    Number    = {70},
    Pages     = {3866},
    Publisher = {The Open Journal},
    Title     = {Manopt.jl: Optimization on Manifolds in {J}ulia},
    Volume    = {7},
    Year      = {2022},
}

@article{bezanson2017julia,
  title={Julia: A fresh approach to numerical computing},
  author={Bezanson, Jeff and Edelman, Alan and Karpinski, Stefan and Shah, Viral B},
  doi={10.1137/141000671},
  journal={SIAM review},
  volume={59},
  number={1},
  pages={65--98},
  year={2017},
  publisher={SIAM}
}

@book{HilgertNeeb:2012,
    AUTHOR    = {Hilgert, Joachim and Neeb, Karl-Hermann},
    DOI       = {10.1007/978-0-387-84794-8},
    PUBLISHER = {Springer Monographs in Mathematics},
    ISBN      = {9780387847948},
    TITLE     = {Structure and Geometry of Lie Groups},
    YEAR      = {2012}
}

@misc{LieGroups.jl,
  doi = {10.5281/zenodo.15343362},
  author = {Axen, Seth and Baran, Mateusz and Bergmann, Ronny and Tu, Yueh-Hua and Verdier, Olivier},
  title = {{L}ie{G}roups.jl},
  year = {2025},
  copyright = {MIT License}
}